@article{oran2022-tutorial,
  author    = {Michele Polese and
               Leonardo Bonati and
               Salvatore D'Oro and
               Stefano Basagni and
               Tommaso Melodia},
  title     = {Understanding {O-RAN:} Architecture, Interfaces, Algorithms, Security,
               and Research Challenges},
  journal   = {CoRR},
  volume    = {abs/2202.01032},
  year      = {2022},
  url       = {https://arxiv.org/abs/2202.01032},
  eprinttype = {arXiv},
  eprint    = {2202.01032},
  timestamp = {Wed, 09 Feb 2022 15:43:35 +0100},
  biburl    = {https://dblp.org/rec/journals/corr/abs-2202-01032.bib},
  bibsource = {dblp computer science bibliography, https://dblp.org}
}

@misc{parallelwireless_2021, 
    title={OpenRAN educational resources â€¢ Parallel Wireless}, 
    url={https://www.parallelwireless.com/openran-resources/}, 
    journal={Parallel Wireless}, 
    year={2021}, 
    month={Oct}
} 